@article{dsePMSESlides1,
    author = {Jian Guo},
    title = {Project Management and
Systems Engineering in the DSE},
    journal = {AE3200},
    year = {2024}
}


@online{SysEngrespons,
    author = {{MichaelPage}},
    title = {The role of Systems Engineer},
    url = {https://shorturl.at/kwJV9}
}

@online{sustofficer,
    author = {CareerExplorer},
    title  = {What is a Sustainability Officer?},
    url    = {https://www.careerexplorer.com/careers/sustainability-officer/},
}


@online{SustainableTeam,
    author = {Vasileva, V.},
    title  = {The importance of Sustainable Team.},
    url    = {https://kissthefrognow.com/the-importance-of-sustainable-team/#:~:text=Sustainable%20teams%20are%20teams%20that,they%20are%20sustained%20over%20time.},
}

@article{UAM-Overview,
    author = {Straubinger, Anna and Rothfeld, Raoul and Shamiyeh, Michael and Büchter, Kai-Daniel and Kaiser, Jochen and Plötner, Kay Olaf},
    title = {An overview of current research and developments in urban air mobility – Setting the scene for UAM introduction},
    journal = {Journal of Air Transport Management},
    volume = {87},
    ISSN = {09696997},
    DOI = {10.1016/j.jairtraman.2020.101852},
    year = {2020},
    type = {Journal Article}
}

